4978 7322
567 728 607 799 lv

486 897 596 982 prae
646 876 845 960 humana
879 873 1142 961 infirmitate
1176 898 1293 984 quae
1328 877 1373 959 in
1407 877 1617 980 adversis
1649 877 1800 963 subito
1833 882 2127 986 perturbatur

393 1012 397 1020 '
487 1002 533 1084 et
560 999 736 1104 delicit,
773 1021 862 1083 non
896 1001 1236 1107 suspiceremus
1258 1003 1339 1088 Dei
1373 1025 1558 1111 numen,
1586 1002 1662 1112 qui
1685 1004 1849 1089 sternit
1873 1009 1918 1090 el
1938 1008 2123 1113 attollit,

486 1125 613 1230 angit
647 1129 692 1209 et
724 1129 914 1210 solatur.
951 1131 1053 1234 lpse
1087 1147 1199 1212 vero
1232 1131 1365 1236 quasi
1398 1152 1537 1214 manu
1570 1150 1653 1212 nos
1687 1129 1956 1236 deducebat,
1977 1137 2023 1217 et
2045 1135 2128 1216 ad·-

485 1251 681 1336 ducebat
704 1252 1058 1359 Parthenopam.
1083 1256 1212 1338 Hanc
1234 1256 1395 1342 urbem
1430 1255 1805 1362 illustrissimam,
1833 1260 1968 1341 antea
2001 1259 2129 1366 peni·

485 1376 803 1482 insignatam,
838 1381 1110 1482 agnovimus
1143 1404 1252 1486 prae
1286 1381 1453 1466 ceteris
1486 1383 1543 1466 ad
1576 1385 1847 1487 conceptum
1881 1405 1996 1489 opus
2019 1383 2129 1467 inci-

486 1503 702 1610 piendum
738 1505 1001 1609 adjumenta
1034 1508 1078 1588 et
1110 1507 1349 1590 commoda
1382 1507 1606 1613 ampliora
1639 1506 1771 1590 nobis
1793 1507 2124 1612 praebituram.

614 1630 706 1714 Sub
740 1629 863 1712 clivo
896 1629 1018 1714 euim
1051 1632 1218 1714 montis
1250 1654 1385 1741 quem
1420 1632 1841 1740 Pausilipum,sive
1864 1633 2036 1717 doloris
2058 1647 2130 1718 're-

489 1757 779 1867 quietorium,
804 1753 963 1838 Graeci
996 1759 1301 1862 appellarunt,
1325 1760 1542 1867 juxtaque
1568 1758 1796 1843 defossam
1829 1779 2015 1864 specum
2041 1782 2130 1868 qua

491 1881 710 1968 sternitur
745 1879 820 1961 via
861 1901 977 1996 quae
1010 1880 1223 1966 Puteolos
1256 1882 1419 1986 ducit,
1455 1881 1724 1967 suburbium
1756 1885 1826 1966 est
1858 1885 1931 1967 cui
1966 1907 2127 1968 nomen

492 2012 631 2112 vulgo
668 2030 690 2088 u
726 2004 1006 2109 Piedigrotta
1044 2029 1085 2088 n.
1121 2007 1233 2092 Heic
1266 2008 1449 2092 Ordinis
1491 2007 1637 2092 nostri
1687 2008 1953 2092 coenobium
2004 2033 2130 2094 sera-

493 2133 628 2240 phica
671 2133 941 2236 paupertate
974 2130 1019 2210 et
1063 2128 1357 2239 simplicitate
1392 2155 1554 2221 recens
1587 2139 1790 2219 erectum
1823 2139 1930 2238 est,
1966 2137 2125 2242 quod,

493 2281 596 2342 cum
630 2256 762 2341 novis
795 2252 1152 2362 conditionibus,
1190 2267 1238 2342 ut
1272 2261 1358 2340 fert
1392 2263 1589 2366 tempus,
1626 2258 1865 2362 fulciatur,
1894 2281 2000 2364 spes
2025 2261 2131 2343 sub-

494 2386 566 2468 est
598 2382 692 2464 illic
727 2402 1018 2483 mansurum,
1056 2381 1122 2466 uti
1156 2404 1310 2468 arcem
1343 2384 1621 2469 tutissimam
1656 2383 1984 2490 Neapolitanae
2017 2387 2131 2468 Pro-

494 2507 688 2594 vinciae.
714 2509 814 2608 llic,
839 2507 996 2612 igitur,
1026 2507 1226 2612 hospilio
1247 2511 1426 2618 excepti
1461 2510 1627 2594 fuimus
1660 2532 1687 2592 a
1720 2507 1833 2592 viris
1867 2509 2128 2614 religiose,

494 2632 663 2736 ingenii
703 2633 950 2733 acumine,
988 2632 1234 2740 doctrina,
1270 2657 1446 2720 morum
1481 2637 1709 2720 suavitate
1742 2635 1982 2739 praeditis
2018 2635 2128 2741 qui,

496 2778 600 2844 cum
634 2777 800 2859 magno
833 2757 984 2841 studio
1035 2759 1239 2844 ferantur
1287 2763 1346 2844 ad
1380 2761 1521 2845 decus
1555 2758 1812 2845 sodalitatis
1847 2761 2129 2868 augendum,

497 2880 891 2990 disquisitionibus
925 2883 1093 2966 nostris
1127 2886 1433 2971 omnimodam
1465 2907 1598 2993 opem
1632 2887 1939 2973 contulerunt.

623 3007 831 3110 Deinde,
866 3008 924 3092 ad
959 3009 1166 3114 publicas
1221 3013 1357 3118 hujus
1389 3010 1589 3095 civitatis
1617 3075 1627 3118 ,
1663 3033 1779 3118 quae
1821 3011 2132 3116 amplissimae

497 3135 634 3237 sunt,
670 3132 980 3218 bibliothecas
1013 3138 1326 3239 accessimus,
1364 3137 1647 3241 exploraturi
1680 3136 1801 3242 quod
1833 3137 1890 3218 ad
1926 3159 2022 3218 rem
2055 3157 2136 3218 no-

493 3264 641 3344 stram
674 3257 936 3364 pertineret.
974 3261 1044 3364 Et,
1080 3263 1294 3367 quonlam
1330 3262 1535 3368 ipsorum
1568 3262 1645 3368 qui
1680 3259 1772 3342 illis
1804 3265 2023 3366 praesunt
2056 3282 2135 3343 ex-

493 3383 611 3490 perti
645 3405 803 3466 sumus
836 3383 1140 3469 urbanitatem
1173 3392 1218 3470 et
1253 3405 1429 3471 morum
1464 3387 1757 3490 elegantiam,
1793 3385 1895 3470 ideo
1928 3407 2134 3470 summas

494 3509 570 3592 hic
608 3507 849 3592 referimus
881 3513 1036 3612 grates
1070 3509 1182 3595 viris
1214 3512 1486 3596 clarissimis
1519 3513 1623 3596 Vito
1653 3511 1861 3613 Fornari,
1887 3512 2131 3614 sacerdoti,

495 3635 731 3742 praelecto
764 3633 1074 3718 Bibliothecae
1097 3636 1368 3744 Nationalis‚
1394 3642 1439 3720 et
1461 3639 1621 3722 Carolo
1654 3634 1935 3744 Padiglione,
1971 3637 2136 3721 Biblio-

497 3762 657 3843 thecae
691 3761 1054 3844 Brancaccianae
1088 3764 1337 3870 praefecto
1374 3763 1470 3870 qui,
1506 3767 1602 3845 tum
1635 3783 1716 3867 per
1750 3781 1818 3863 se,
1845 3763 1936 3844 lum
1969 3785 2051 3868 per
2071 3761 2135 3842 bi-

497 3881 860 3988 bliotlrecariOS‚
897 3883 1035 3967 nimia
1067 3887 1269 3971 adhibita
1303 3887 1537 3993 patientia,
1575 3873 1910 3976 nobis'auxilio
1933 3889 2131 3970 luerunt.

625 4009 904 4091 Praesertim
958 4031 1070 4092 vero
1103 4012 1223 4115 grati
1269 4013 1407 4097 animi
1453 4008 1759 4094 testimonium
1808 4013 1930 4116 apud
1977 4034 2136 4095 omnes

498 4139 656 4220 extare
706 4133 917 4218 volumus
949 4135 1206 4222 clarissimo
1240 4138 1433 4241 insignis
1473 4140 1651 4243 Capuae
1684 4135 1970 4220 cathedralis
2001 4156 2138 4220 cano·
2267 4237 2269 4240 ¹

499 4261 604 4346 nico
638 4254 838 4342 Gabrieli
874 4263 1095 4369 Jannclli,
1132 4265 1269 4370 quod,
1305 4286 1391 4368 pro
1423 4286 1505 4346 sua
1539 4261 1857 4367 humanitate,
1893 4263 2135 4346 thesauros

498 4388 596 4470 arte
631 4387 677 4464 et
709 4387 903 4488 pecunia
936 4389 1124 4494 propria
1155 4388 1200 4470 in
1234 4389 1409 4493 patriae
1441 4389 1662 4470 honorem
1696 4389 1740 4469 et
1763 4387 2019 4491 proiectum
2044 4391 2137 4473 col-

499 4513 642 4594 lectos
677 4528 767 4589 non
801 4513 949 4616 solum
983 4519 1139 4616 patere
1172 4514 1304 4598 nobis
1337 4513 1499 4616 voluit,
1536 4517 1579 4595 et
1611 4535 1665 4595 ea
1698 4533 1814 4618 quae
1849 4512 2132 4618 propositum

500 4638 705 4719 nostrum
738 4635 959 4738 juvabant
993 4637 1161 4742 delegit
1195 4644 1240 4721 et
1263 4637 1646 4741 subministravit,
1687 4637 1768 4719 sed
1809 4634 1948 4719 etiam
2003 4659 2136 4742 prae-

499 4761 641 4844 sentis
674 4763 884 4865 opusculi
918 4762 1108 4866 paginas
1139 4765 1198 4846 ad
1234 4762 1450 4847 trutinam
1483 4761 1729 4846 emendare
1763 4760 1923 4846 voluit.

627 4887 753 4991 Cum,
790 4907 961 4991 paucos
994 4890 1097 4994 post
1130 4909 1311 4971 menses
1344 4886 1738 4992 investigationis,
1790 4885 2140 4974 animadvertis-

502 5031 658 5095 semus
690 5011 1020 5117 amplissimam
1054 5034 1158 5096 esse
1191 5033 1387 5097 messem
1421 5010 1794 5097 documentorum
1814 5012 2138 5120 bibliographi-

503 5157 662 5220 corum
685 5136 740 5219 de
766 5136 934 5220 nostris
969 5137 1298 5244 scriptoribus,
1336 5139 1473 5244 hujus
1507 5139 1572 5223 rei
1605 5139 1850 5224 certiorem
1884 5137 2137 5222 laciendum

503 5262 867 5346 existimavimus
899 5285 1163 5369 supremum
1197 5267 1302 5346 tunc
1327 5262 1510 5346 Ordinis
1547 5265 1882 5348 Moderatorem
1905 5269 2140 5348 Reveren-

503 5385 741 5470 dissimum
775 5390 825 5468 P.
863 5388 1101 5492 aegidium
1133 5413 1158 5472 e
1192 5391 1418 5492 Cortona,
1455 5412 1483 5472 a
1515 5410 1605 5495 quo
1637 5388 1774 5475 etiam
1795 5388 2041 5492 petivimus
2077 5392 2138 5472 uti

503 5511 652 5615 nobis,
690 5535 774 5596 sua
807 5510 957 5622 venia,
995 5513 1157 5598 liceret
1190 5514 1361 5598 diutius
1395 5513 1586 5622 Neapoli
1611 5511 1860 5617 immorari,
1882 5511 2139 5623 auincepta
