4978 7322
390 1046 574 1126 almeno
609 1045 785 1150 l’epoca
817 1043 863 1123 in
898 1040 970 1124 cui
1008 1042 1145 1146 hori;
1181 1043 1293 1127 dard
1327 1044 1446 1126 della
1477 1041 1556 1148 pili
1590 1041 1721 1147 parte
1755 1039 2030 1144 degliscrit-

392 1167 481 1253 tori
515 1168 665 1279 rapidi
698 1167 830 1250 cenni
865 1167 1122 1274 biografici,
1159 1168 1407 1254 iudicando
1441 1188 1611 1251 ancora
1631 1189 1659 1250 a
1682 1164 1809 1273 quali
1832 1167 1947 1251 fonti
1969 1169 2030 1255 ho

390 1291 552 1379 attiuto
585 1295 734 1401 quelle
767 1295 950 1378 notizie.

518 1421 541 1500 u
576 1420 631 1502 Di
666 1419 772 1522 ogni
808 1441 947 1527 opera
980 1422 1122 1505 citeri)
1155 1423 1270 1506 tutte
1305 1421 1347 1504 le
1381 1419 1591 1527 edizioni,
1629 1443 1653 1503 e
1686 1438 1743 1499 ne
1784 1422 1896 1502 darb
1921 1419 1954 1503 il
1979 1423 2032 1506 tl-

391 1549 483 1630 tolo
516 1546 634 1628 00111
666 1547 873 1650 maggior
906 1547 1186 1653 concisione,
1223 1548 1270 1630 in
1301 1549 1439 1630 modo
1470 1549 1584 1653 perc
1622 1565 1804 1650 sempre
1827 1543 1912 1625 che
1937 1569 2029 1629 non

390 1670 502 1756 resti
536 1672 672 1774 luogo
704 1693 732 1754 a
765 1672 1052 1779 dubbiezze3
1088 1674 1146 1758 ed
1177 1677 1222 1758 al
1255 1671 1384 1756 titulo
1417 1673 1478 1757 ho
1512 1671 1624 1754 fatto
1649 1667 1880 1772 seguirei
1904 1675 2026 1755 nomi

390 1797 509 1880 della
542 1795 653 1880 citta
686 1821 710 1881 e
745 1796 871 1903 degli
905 1800 1194 1908 impressori,
1226 1798 1290 1902 gli
1323 1798 1429 1882 anui
1463 1797 1582 1881 della
1616 1797 1813 1900 stampa,
1839 1793 1872 1874 il
1895 1796 2027 1879 vario

390 1923 586 2008 formato
619 1924 676 2007 ed
710 1925 742 2007 11
777 1943 969 2008 numero
1002 1926 1074 2009 dei
1106 1926 1339 2008 volumi...
1367 1925 1496 2007 Delle
1528 1943 1666 2027 opere
1698 1939 1780 2000 011
1811 1917 2028 2005 diveuute

390 2071 511 2156 rare,
548 2074 574 2132 o
609 2046 660 2132 di-
687 2049 883 2161 qualche
917 2049 1159 2155 interesse,
1193 2051 1254 2132 ho
1286 2049 1400 2132 fatto
1435 2070 1524 2131 una
1558 2041 1839 2130 descrizione
1885 2047 2028 2129 molto

391 2173 602 2279 minuta,
639 2177 695 2257 ed
742 2178 993 2283 accurata,
1029 2175 1145 2259 onde
1194 2173 1519 2260 riceuoscerne
1558 2169 1819 2257 lacilmente
1855 2171 1883 2253 l’
1910 2168 2029 2253 inte-

389 2322 533 2384 resse.
571 2326 595 2382 »

515 2429 659 2522 Quam
693 2428 955 2512 methodum
989 2427 1132 2510 secuti
1171 2424 1216 2508 iu
1248 2424 1336 2512 hoc
1360 2426 1581 2531 opusculo
1605 2421 1855 2528 erar-ande,
1879 2441 2026 2529 pauca

390 2554 434 2631 et
465 2551 598 2656 parvi
634 2554 849 2638 momenti
882 2552 1146 2660 putavimus
1180 2552 1419 2637 addenda:
2119 2548 2125 2551 ”

515 2677 690 2762 Titulos
722 2677 942 2784 incertos,
978 2680 1057 2763 aut
1089 2675 1268 2784 dubios,
1304 2678 1383 2760 aut
1415 2675 1627 2784 ficticios,
1665 2672 1848 2780 italiciS,
1873 2678 1923 2760 ut
1956 2678 2027 2760 di-

389 2799 523 2909 citur,
559 2803 683 2910 typis
715 2804 1003 2910 scripsimus.

515 2930 715 3035 Operum
748 2951 865 3037 quae
897 2929 1096 3014 vidimus
1128 2927 1218 3034 ipsi
1252 2929 1409 3012 titulos
1432 2926 1772 3033 integerrimos
1798 2930 1956 3028 lingua
1980 2934 2026 3012 et

390 3053 717 3162 orthographia
750 3055 983 3160 genuina,
1018 3053 1192 3164 absque
1226 3055 1365 3140 etiam
1397 3053 1665 3139 mendarum
1697 3051 2021 3163 correctione,

389 3178 708 3284 produximus.
1640 3212 1641 3216 ‘

514 3304 793 3409 paginarum
824 3326 1065 3405 numerum
1096 3307 1354 3415 retulimus
1391 3328 1496 3397 cum
1529 3305 1811 3393 diversitatis
1834 3308 2023 3394 1111111-

390 3426 496 3511 tatis
530 3430 781 3514 editionum
813 3430 1154 3536 irrefragabilis
1187 3434 1247 3518 sit
1278 3437 1429 3519 testis.

446 3540 456 3552 ⁸
515 3558 709 3653 Quinam
743 3577 800 3640 ex
823 3557 990 3640 Ordine
1024 3579 1167 3665 opera
1200 3559 1381 3661 singula
1413 3557 1768 3665 approbaverint
1800 3559 2024 3673 iudicavi

387 3702 506 3784 mue,
542 3680 763 3765 addentes
795 3681 934 3768 etiam
966 3681 1087 3767 diem
1118 3685 1446 3791 approbationi
1469 3682 1758 3789 appositam,
1793 3685 1901 3793 quia
1934 3684 2023 3769 duo

387 3803 502 3888 haec
535 3817 641 3893 sunt
673 3809 940 3911 argumenta
972 3806 1233 3895 firmissima
1265 3810 1442 3917 primae
1474 3807 1702 3891 editionis,

513 3931 729 4016 Ordinem
762 3931 1136 4035 chronologicum
1169 3936 1461 4044 alphabetico
1493 3932 1720 4041 potiorem
1740 3933 2019 4022 habuimus:

388 4055 555 4162 ubique
588 4058 634 4141 in
664 4057 955 4146 Bibliotheca
986 4060 1250 4163 historicu,·
1282 4082 1369 4168 pro
1400 4060 1519 4144 serie
1553 4080 1744 4164 operum
1777 4062 2026 4165 cuiuslibet

387 4181 590 4267 auctoris
623 4181 670 4266 in
702 4185 1092 4294 Bibliopruphiu;
1124 4190 1210 4272 sub
1243 4176 1490 4292 cujuslibet
1521 4185 1752 4270 facultatis
1775 4186 1960 4272 rubrica
1977 4188 2024 4271 in

387 4307 679 4396 Bibliotheca
711 4313 924 4418 speciali.
1047 4334 1048 4339 ‘

512 4435 739 4518 Numeros
772 4435 917 4520 titulis
938 4457 1128 4543 operum
1148 4437 1514 4546 anteposuimus,
1531 4437 1590 4523 ad
1611 4438 1832 4544 majorem
1853 4439 2026 4525 descri-

387 4558 593 4665 ptionum
627 4566 673 4643 et
706 4559 1328 4666 allegationumclaritatem.

504 4685 732 4793 Denique,
769 4704 873 4770 cum
908 4689 1164 4794 imparibus
1197 4691 1376 4773 viribus
1396 4710 1512 4797 opus
1536 4691 1747 4796 aggressi
1780 4679 2019 4797 fuerimus,

370 4810 573 4922 ‘sodales
606 4815 791 4897 nostros
824 4817 870 4898 et
903 4815 1131 4921 quoslibet
1163 4817 1357 4900 lectores
1391 4837 1608 4920 rogamus
1641 4818 1691 4900 ut
1722 4816 1875 4928 ipsum
1896 4817 2023 4904 beni-

388 4956 477 5042 gne
508 4934 753 5047 excipiant.
1243 4980 1244 4985 ¹
