4978 7322
815 1197 1568 1374 PRAESIDIBUS

371 1691 701 1852 sodalibusque
742 1695 911 1814 nostris
953 1697 1230 1850 capucoinia,
1259 1701 1341 1855 qui
1382 1695 1702 1832 benedictione,
1743 1696 2007 1814 hortamen·

448 1856 524 1990 tis,
566 1856 698 2008 stipe,
741 1855 989 2013 celerisque
1029 1858 1200 2014 quibus
1240 1859 1495 2011 potuerunt
1535 1853 1832 2010 adjumentis,
1873 1855 2003 1974 nobis
2086 1981 2095 2001 ,

447 2015 674 2136 scribendi
713 2015 1009 2138 alacritatem
1049 2016 1333 2136 addiderunt

913 2415 1457 2566 Priuernum

366 2900 371 2907 Ι
490 2793 773 2900 Scriptorum
814 2789 999 2874 Ordinis
1033 2789 1177 2874 nostri
1214 2786 1524 2877 Bibliothecae
1558 2813 1725 2877 novam
1757 2790 2005 2876 editionem

366 2917 647 3025 suscipiendi
681 2919 857 3002 nullum
893 2914 1027 3000 nobis
1058 2915 1205 3000 inerat
1238 2917 1499 3020 consilium,
1519 2939 1621 3002 cum
1645 2921 1827 3023 tempus
1846 2921 1891 2999 et
1912 2918 2004 3001 alia

364 3045 569 3130 subsidia
616 3065 733 3150 quae
765 3033 1025 3126 huiusmodi
1058 3061 1199 3146 opera
1247 3045 1501 3148 requirunt,
1538 3045 1697 3128 deesse
1731 3041 2006 3147 intelligere-

365 3191 483 3254 mus.
504 3167 692 3268 Quando
715 3190 841 3273 vere,
878 3165 1026 3250 tribus
1059 3163 1226 3249 abhinc
1248 3168 1400 3273 antris,
1422 3191 1446 3252 e
1469 3169 1636 3276 patria,
1655 3189 1771 3275 quae
1795 3167 1840 3248 in
1859 3165 2005 3252 Gallia

364 3301 457 3397 est,
494 3316 552 3378 ex
585 3293 840 3399 improviso
873 3292 1067 3394 relegati
1102 3289 1305 3395 fuimuS,
1343 3293 1390 3376 in
1423 3293 1627 3377 laborem
1660 3291 1901 3380 debuimus
1933 3292 2004 3376 in-

102 3470 106 3500 .
363 3419 550 3506 tendere
584 3441 674 3528 quo
708 3418 889 3504 facilius
921 3416 1048 3499 exilii
1081 3415 1311 3502 acerbitas
1345 3418 1624 3504 mitesceret.
1651 3421 1748 3517 Qua
1770 3418 1826 3500 de
1851 3440 1919 3520 re,
1945 3438 2002 3500 ex

104 3554 107 3566 '
257 3625 262 3632 ,
364 3547 517 3630 multis
548 3565 665 3653 quae
699 3544 745 3626 in
778 3541 1034 3627 subsecivis
1077 3539 1297 3644 temporis
1331 3543 1575 3626 momentis
1615 3544 1670 3626 de
1696 3541 1839 3627 variis
1870 3563 2005 3646 argu-

364 3671 532 3756 mentis
565 3669 676 3754 olim
699 3669 1052 3771 collegeramus
1078 3683 1269 3748 necesse
1293 3666 1507 3754 duximus
1541 3667 1738 3772 seligere
1771 3689 1887 3773 quae
1922 3689 2004 3772 op-

365 3799 561 3902 portuna
595 3795 768 3896 essent,
804 3795 848 3873 el
870 3790 980 3877 totis
1005 3787 1182 3873 viribus
1207 3789 1253 3871 in
1275 3794 1447 3877 selecta
1478 3791 1710 3895 insistere,
1735 3794 1902 3898 quibus
1922 3792 2003 3876 ab·

364 3920 565 4024 solutis,
603 3918 734 4002 labor
765 3921 925 4001 noster
958 3914 1125 4003 ceteris
1160 3934 1251 3996 non
1284 3919 1410 4002 esset
1442 3919 1628 4002 omnino
1660 3916 1850 4000 inutilis.

490 4046 670 4149 Igitur,
705 4043 967 4145 congeriem
1022 4038 1455 4145 scriptiuncularum
1490 4047 1753 4128 nostrarum
1786 4060 2002 4151 perscru-

212 4173 216 4184 '
362 4173 529 4274 lanteS,
566 4169 687 4254 nacti
720 4188 878 4253 sumus
910 4185 1105 4274 parvum
1139 4167 1413 4254 schedarum
1448 4189 1703 4274 numerum,
1748 4169 1826 4252 ubi
1860 4167 2001 4252 adno-

362 4297 576 4381 tabantur
626 4291 1103 4402 operacomplurium
1135 4295 1421 4400 Scriptorum
1469 4294 1653 4378 Ordinis
1686 4297 1832 4378 nostri
1865 4295 2001 4378 soda-

362 4422 505 4528 lium,
540 4421 642 4530 qui,
677 4419 785 4502 licet
816 4418 909 4502 sint
942 4417 1150 4503 doctrina
1182 4419 1503 4525 praestantes,
1539 4418 1673 4502 hodie
1707 4418 1994 4523 ignorantur.
2082 4429 2084 4434 ’

361 4549 449 4628 Pro
471 4555 598 4632 certo
614 4546 766 4631 autem
784 4543 1005 4630 habentes
1026 4544 1187 4628 talium
1210 4566 1400 4652 operum
1422 4542 1704 4652 exemplaria
1722 4566 1813 4629 non
1836 4545 1998 4628 deesse

359 4669 619 4757 exterarum
667 4668 870 4775 gentium
904 4669 1277 4784 locupletissimis
1319 4671 1550 4775 MusaeiS,
1586 4669 1909 4757 constituimus
1943 4689 1999 4752 ea

359 4795 589 4904 inquirere
620 4817 758 4906 quam
793 4793 1158 4902 diligentissime,
1179 4795 1267 4878 rati
1299 4797 1480 4900 gratum
1514 4793 1613 4881 fore
1635 4793 1793 4878 Ordini
1820 4797 1995 4900 nostre,

359 4920 414 5028 si,
442 4944 546 5006 cum
568 4922 655 5008 hac
689 4925 960 5034 tempestate
992 4939 1101 5026 pars
1133 4920 1303 5025 ingenii
1329 4920 1555 5006 habeatur
1577 4921 1633 5003 de
1653 4921 1995 5006 coenobitarum

359 5046 616 5150 ignorantia
649 5045 951 5153 deblaterare,
974 5066 1115 5151 opera
1136 5051 1295 5130 nostra
1320 5050 1386 5130 tot
1408 5045 1662 5150 insignibus
1684 5044 1996 5153 scriptoribus

359 5172 529 5256 nostris
563 5175 641 5256 lux
674 5174 933 5282 accederet,
969 5191 1162 5281 quorum
1196 5193 1361 5279 opera,
1397 5170 1616 5278 temporis
1648 5169 1834 5280 injuria,
1862 5170 1909 5254 in
1932 5173 2000 5258 ter

284 5369 286 5374 .
359 5296 512 5381 nebris
544 5297 833 5384 delitescunt.

481 5427 578 5508 Hoc
609 5423 802 5509 consilio
834 5420 1008 5508 ltaliam
1040 5443 1206 5508 uersus
1227 5422 1314 5508 iter
1336 5421 1563 5529 aggressi,
1589 5421 1788 5530 primum
1810 5422 1994 5531 quidem

356 5548 474 5634 sicut
507 5549 624 5654 ovis,
661 5571 778 5658 quae
810 5573 834 5633 e
867 5564 1007 5654 grege
1040 5547 1193 5656 periit,
1218 5565 1373 5634 errare
1408 5549 1539 5634 nobis
1557 5549 1843 5668 uidebamur,
1869 5568 1990 5654 cum,
