4978 7322
644 681 710 760 lilii

566 842 674 922 cant
724 846 1032 926 monumenta.
1069 845 1244 948 Perre,
1283 841 1501 952 numquid
1534 839 1933 954 ipsehistoricarn
1970 841 2207 927 instituere

566 963 821 1067 neglexerit
853 965 1218 1052 Bibliothecamt
1252 969 1411 1071 Absit3
1448 986 1551 1049 cum
1585 970 1848 1051 universum
1876 965 2003 1072 quasi
2028 989 2111 1071 per
2135 992 2209 1050 or-

566 1089 669 1171 bem
709 1087 1053 1194 disquisitorum
1087 1096 1465 1178 documentorum
1512 1089 1889 1198 bibliographicis
1923 1091 2207 1194 allegationi·

565 1212 652 1296 bus
686 1213 1005 1300 auctoritatem
1045 1199 1129 1324 pro
1184 1220 1385 1326 qualibet
1420 1219 1574 1325 operis
1610 1218 1681 1302 sui
1718 1219 1848 1323 parte
1882 1215 2182 1302 demonstret.

689 1337 894 1443 Verum,
931 1342 1087 1428 dices:
1125 1345 1281 1429 Ordini
1316 1346 1473 1430 nostro
1520 1367 1609 1428 non
1666 1343 1907 1426 defuerunt
1961 1341 2204 1425 Annalium

569 1463 855 1570 scriptores:
893 1467 1116 1574 siquidem
1150 1469 1397 1555 Zachariae
1431 1468 1742 1571 SaluciensiS‚
1780 1466 2035 1550 Marcellini
2071 1467 2205 1550 Mati-

566 1588 822 1693 sconensiS,
859 1591 1068 1678 Silvestri
1102 1595 1492 1701 MediolanensiS,
1528 1597 1573 1678 et
1608 1591 1845 1698 Peregrini
1869 1590 2204 1676 Foruliviensis

565 1713 979 1820 praestantissimis
1011 1719 1143 1803 libris
1174 1720 1276 1822 jure
1309 1722 1472 1804 mento
1505 1720 1747 1826 gloriatur,
1784 1716 1860 1824 qui
1895 1714 2097 1823 priscam
2121 1718 2205 1802 Pa-

566 1845 685 1922 trum
720 1841 934 1924 virtutem
969 1844 1239 1928 immortalit
1269 1839 1301 1928 ti
1343 1847 1677 1932 commendant.

690 1966 889 2072 Utique;
926 1972 1007 2054 sed
1040 1968 1371 2054 advertendum
1404 1972 1624 2078 estquod
1658 1970 1810 2077 potius
1846 1969 1908 2051 uti
1933 1970 2203 2055 documenta

565 2090 623 2173 ad
658 2087 895 2174 historiam
939 2115 1076 2200 quam
1109 2095 1172 2177 uti
1208 2093 1402 2181 historia
1449 2099 1643 2201 possunt
1674 2115 1832 2180 eorum
1866 2091 2072 2178 adhiberi
2107 2097 2198 2178 tam

569 2215 796 2300 laudanda
829 2237 987 2321 opera.

691 2343 862 2424 Rerum
897 2344 1017 2427 enim
1040 2349 1273 2450 gestarum
1298 2335 1483 2451 seriem,
1508 2346 1813 2450 latitudinem,
1838 2343 2199 2451 altitudinemve‚

561 2462 724 2552 causas
759 2469 803 2548 et
836 2466 1025 2556 effectus
1060 2471 1344 2558 demonstrat
1377 2471 1602 2558 historia:
1640 2471 1782 2555 libros
1805 2473 1850 2552 et
1872 2470 2025 2578 capita
2046 2467 2200 2576 dispo·

564 2591 643 2698 nit,
683 2611 772 2674 non
805 2597 942 2698 prout
975 2600 1205 2682 astrorum
1240 2620 1418 2683 annuus
1452 2619 1634 2702 cursus,
1661 2595 1742 2680 sed
1761 2600 1899 2700 prout
1916 2594 2199 2699 negotiorum

564 2721 609 2798 et
643 2723 889 2800 eventuum
923 2743 1067 2805 nexus
1100 2715 1317 2828 postulat.
1354 2727 1554 2809 Annales
1589 2743 1716 2823 ver0,
1754 2719 1840 2804 sub
1872 2724 2024 2804 colore
2058 2724 2198 2805 annui

563 2859 842 2946 successuS,
879 2849 1085 2952 tempora
1118 2849 1162 2929 et
1206 2853 1327 2935 facta
1361 2849 1608 2952 scindunt,
1645 2846 1764 2932 facta
1798 2845 2054 2930 minutatim
2089 2844 2202 2928 divi-

475 3045 479 3052 .
564 2967 689 3070 dunt,
724 2990 800 3050 res
832 2971 1041 3073 privatas
1075 2974 1295 3077 laudant,
1329 2969 1657 3080 ¹hominumque
1692 2971 1764 3054 vel
1798 2972 2069 3056 societatum
2104 2972 2203 3054 uni-

564 3094 898 3177 versitati'non
948 3097 1202 3186 intendunt.
1241 3103 1370 3188 Unde
1405 3101 1549 3183 Aulus
1571 3098 1745 3182 Gellius
1779 3097 1936 3199 (Noct.
1984 3097 2083 3180 An.
2134 3107 2198 3199 5,

565 3219 763 3326 XVIII).

691 3367 713 3424 u
751 3345 847 3428 Nos
879 3346 1037 3433 audire
1070 3347 1191 3434 soliti
1223 3371 1381 3438 sumus
1414 3352 1604 3436 annales
1638 3351 1822 3436 omnino
1857 3347 1902 3430 id
1939 3367 2040 3430 esse
2078 3345 2200 3454 quod

564 3467 783 3554 historiae
817 3473 926 3577 sint,
963 3473 1180 3558 historias
1202 3497 1292 3562 non
1316 3478 1502 3564 omnino
1526 3497 1630 3560 esse
1652 3477 1696 3558 id
1720 3479 1843 3583 quod
1871 3471 2061 3556 annales
2088 3471 2196 3554 sint.

564 3593 704 3678 Sicuti
738 3599 859 3704 quod
894 3599 1134 3683 esthemo
1169 3599 1214 3682 id
1249 3601 1512 3688 necessario
1545 3599 1713 3686 animal
1748 3622 1868 3703 esse,
1905 3597 2024 3705 quod
2065 3599 2132 3681 est
2153 3620 2227 3679 a·-

563 3719 702 3804 nimai
737 3742 827 3804 non
861 3721 908 3803 id
941 3744 1130 3808 necesse
1163 3731 1234 3810 est
1266 3727 1477 3812 homines
1511 3748 1652 3810 esse:
1688 3727 1752 3809 ita
1775 3722 1995 3811 historias
2018 3722 2199 3828 quidem

563 3846 825 3930 esseaiunt
859 3853 1280 3952 rerumgestarum
1313 3854 1388 3935 vel
1422 3850 1754 3958 expositionem
1794 3851 1868 3934 vel
1918 3849 2203 3932 demonstra-

479 4021 488 4040 ·
561 3973 750 4074 tionem,
787 3974 861 4056 vel
901 3996 991 4080 quo
1022 3973 1112 4056 allo
1146 3980 1327 4062 nomine
1360 3978 1407 4062 id
1440 3975 1683 4058 dicendum
1716 3976 1818 4078 est3
1855 3976 2045 4057 annales
2091 3994 2202 4054 vero

561 4119 667 4182 esse
702 4115 806 4179 cum
856 4119 932 4180 res
964 4099 1121 4202 gestae
1152 4105 1350 4209 plurium
1402 4123 1663 4203 annorum,
1701 4099 1945 4184 observato
1979 4098 2200 4203 cujrrsque

561 4223 669 4307 anni
705 4222 882 4327 ordine,
918 4224 1134 4332 deinceps
1168 4230 1520 4335 componuntur.
1542 4229 1650 4310 Cum
1677 4245 1787 4309 vero
1812 4246 1900 4307 non
1926 4245 2008 4330 per
2034 4243 2197 4325 annos

563 4349 644 4432 sed
678 4369 761 4454 per
795 4349 890 4432 dies
923 4349 1129 4454 singulos
1161 4375 1239 4437 res
1262 4362 1423 4460 gestae
1445 4352 1724 4455 scribuntur,
1761 4373 1815 4433 ea
1851 4349 2044 4434 historia
2067 4369 2199 4451 grae-

561 4495 617 4560 co
651 4473 875 4560 vocabulo
908 4489 1056 4589 ἐφημερὶς
1092 4479 1296 4563 dicitur:
1333 4480 1469 4583 Cuius
1517 4477 1708 4560 latinum
1751 4475 2199 4580 interpretamentum

561 4599 784 4707 scriptum
817 4606 887 4684 est
952 4601 1120 4686 inlibro
1146 4603 1400 4710 Sempronii
1419 4603 1667 4688 Asellionis
1689 4599 1854 4707 primo
1877 4601 1945 4682 Ex
1968 4621 2058 4705 quo
2083 4597 2200 4679 libro

561 4727 695 4832 plura
728 4723 871 4812 verba
903 4727 1252 4833 adscripsimus
1290 4730 1339 4812 ut
1373 4729 1509 4812 simul
1534 4729 1702 4812 ibidem
1724 4724 1832 4833 quid
1856 4726 1954 4829 ipse
1980 4725 2099 4808 inter
2121 4744 2196 4805 res

563 4857 721 4956 gestas
754 4857 799 4935 et
821 4855 1011 4936 annales
1044 4877 1147 4940 esse
1171 4854 1337 4937 dixerit
1363 4852 1726 4938 ostenderemus.
1751 4852 1938 4953 Verum,
1964 4848 2196 4948 intereos,

562 4977 725 5083 inquit,
761 4978 838 5082 qui
872 4979 1061 5062 annales
1095 4981 1352 5088 relinquere
1386 4977 1658 5085 voluissent,
1695 4979 1738 5058 et
1773 4973 1963 5082 eosqui
2013 4996 2088 5056 res
2123 4994 2200 5074 ge-

562 5109 660 5186 stas
692 5124 719 5184 a
767 5102 986 5187 Romanis
1020 5105 1306 5209 perscribere
1329 5103 1479 5187 conati
1512 5103 1667 5186 essent
1699 5100 1902 5184 omniurn
1935 5117 2089 5183 rerum
2113 5093 2200 5177 hoc

562 5225 798 5310 interluit:
837 5228 1037 5313 Annales
1071 5229 1177 5314 libri
1212 5229 1526 5312 tantummodo
1547 5227 1667 5334 quod
1693 5225 1879 5331 iactum,
1905 5241 2086 5332 quoque
2118 5241 2200 5300 an-

561 5373 619 5435 no
651 5353 830 5456 gestum
864 5355 961 5458 sit,
998 5353 1044 5439 id
1092 5354 1482 5440 demonstrabant.
1520 5354 1568 5436 ld
1602 5373 1760 5437 eorum
1796 5355 1905 5454 est,
1942 5344 2072 5457 quasi
2122 5339 2199 5450 qui

561 5475 753 5561 diarhun
796 5480 1041 5585 scribunt,
1093 5503 1229 5586 quarn
1273 5479 1442 5585 ‚graeci
1477 5489 1648 5596 εφημερίδα
1682 5479 1866 5562 vocant.
1914 5470 2058 5556 Nobis
2109 5491 2199 5552 non
