4978 7322
1842 797 1883 876 ul

321 941 457 1039 modo
489 937 604 1038 satis
637 975 740 1038 esse
772 939 909 1040 video
942 953 1063 1061 quod
1097 955 1268 1041 lactum
1301 957 1424 1038 esset
1458 954 1502 1036 id
1534 953 1846 1061 pronuntiare,
1882 954 1965 1037 sed

321 1081 461 1162 etiam
494 1081 830 1188 quo‘consiliO,
867 1101 1046 1186 quaque
1067 1079 1244 1162 ratione
1265 1083 1397 1184 gesta
1415 1075 1585 1162 'essent
1624 1075 1963 1200 demonstrare·

320 1206 463 1287 Paulo
496 1206 641 1312 post,
677 1206 800 1318 idem
834 1203 1046 1306 Asellio,
1082 1204 1130 1286 in
1179 1205 1337 1288 eodem
1380 1205 1533 1287 libro:
1571 1205 1688 1288 Nam
1727 1226 1874 1312 neque
1915 1227 1962 1287 a·

321 1329 545 1414 laeriores
593 1335 651 1417 ad
683 1329 1032 1437 Rempublioam
1065 1327 1415 1434 defendendam,
1453 1349 1598 1436 neque
1631 1330 1870 1432 segniores
1903 1328 1962 1412 ad

267 1557 270 1564 ,
319 1473 417 1538 rem
452 1476 696 1562 perperam
730 1455 991 1540 faciundam
1025 1455 1216 1537 annales
1239 1453 1344 1537 libri
1363 1473 1653 1539 commovere
1687 1475 1962 1564 quemquam

318 1582 530 1686 possunt.
552 1581 762 1665 Scribere
780 1584 934 1666 autem
953 1579 1122 1663 bellum
1141 1601 1231 1686 quo
1249 1577 1411 1662 initum
1429 1579 1634 1683 consule,
1656 1582 1700 1663 et
1717 1601 1807 1688 quo
1826 1579 1962 1662 modo

313 1706 577 1788 confectum
611 1705 698 1813 sit,
735 1711 780 1792 et
812 1705 917 1818 quis
950 1705 1242 1809 triumphans
1274 1703 1539 1810 introierit,
1574 1724 1720 1812 exque
1754 1725 1809 1786 eo
1843 1704 1961 1788 libro

318 1851 435 1937 quae
470 1829 518 1912 in
551 1829 674 1913 bello
707 1835 839 1936 gesta
873 1830 966 1915 sint
988 1829 1173 1935 iterare,
1199 1828 1245 1914 id
1266 1828 1446 1914 fabulas
1471 1852 1561 1914 non
1584 1829 1958 1937 praedicare-ait.

318 1957 499 2038 Interea
532 1954 641 2059 quid
674 1961 863 2041 senatus
897 1953 1192 2060 decreverit,
1229 1957 1308 2038 aut
1340 1977 1456 2064 quae
1490 1955 1565 2038 lex
1598 1953 1834 2059 rogatione
1868 1957 1961 2039 lata

319 2081 413 2184 sit,
449 2099 595 2187 neque
644 2081 810 2190 quibus
844 2079 1052 2164 consiliis
1074 2101 1128 2163 ea
1151 2082 1280 2184 gesta
1312 2083 1420 2165 sunt
1453 2081 1661 2185 iterare,
1698 2081 1744 2164 id
1778 2079 1960 2164 fabulas

318 2205 475 2310 pneris
508 2207 581 2288 est
612 2227 834 2311 narrare,
858 2227 950 2289 non
983 2203 1201 2288 historias
1235 2203 1455 2290 scribere.
1497 2229 1521 2287 n

446 2332 549 2413 Jarn
582 2353 693 2417 vero
726 2333 1005 2440 scriptorum
1038 2329 1283 2415 Annalium
1316 2333 1579 2416 nostrorum
1612 2333 1736 2416 totus
1759 2331 1835 2414 hic
1872 2330 1959 2416 fuit

318 2455 466 2560 labor,
504 2455 721 2541 scilicet:
754 2465 785 2540 'a
816 2455 1023 2564 qualibet
1055 2455 1294 2560 provincia
1320 2457 1564 2541 memorias
1585 2457 1804 2564 colligere
1828 2456 1958 2566 (qua-

316 2602 418 2664 rum
452 2583 720 2689 apographa
752 2585 895 2668 multa
929 2580 1126 2694 inveniri
1159 2583 1353 2687 possunt
1386 2583 1433 2663 in
1466 2582 1679 2688 plurimis
1713 2582 1886 2667 Galliae
1912 2589 1958 2666 et

315 2706 473 2791 ltaliae
507 2705 725 2814 musaeis)
758 2711 934 2793 lantum
957 2705 1013 2786 de
1034 2711 1344 2791 conventuum
1365 2707 1682 2791 aedificatione
1701 2710 1746 2790 et
1767 2709 1822 2791 de
1845 2732 1960 2816 quo-

315 2833 523 2916 rumdam
558 2832 785 2918 sodalium
819 2831 1083 2916 virtutibus.
1111 2832 1232 2918 Nihil
1255 2833 1409 2916 autem
1442 2833 1488 2915 in
1512 2831 1625 2942 ipsis
1647 2831 1702 2930 de
1721 2834 1959 2918 Reforma—

314 2955 453 3040 tionis
486 2959 725 3064 primaeva
763 2958 933 3062 indole,
968 2957 1024 3041 de
1058 2956 1370 3062 primordialis
1387 2959 1698 3045 Francisealis
1721 2957 1959 3064 regiminis

316 3082 663 3191 instauratione,
701 3084 756 3168 de
789 3080 1198 3192 administrationis
1231 3084 1391 3168 centro
1425 3087 1469 3168 et
1502 3084 1696 3188 unitate,
1718 3086 1762 3167 in
1781 3093 1959 3193 quaest

315 3209 466 3295 omnis
516 3207 735 3294 historiae
770 3231 946 3314 nexus,
984 3207 1039 3291 de
1074 3209 1258 3295 Ordinis
1297 3208 1514 3295 universa
1547 3213 1708 3294 contra
1740 3211 1959 3294 haereses

316 3334 457 3441 lucta,
496 3335 552 3418 de
584 3335 732 3442 ipsius
766 3333 1020 3439 beneficiis,
1058 3331 1310 3441 laboribus,
1346 3334 1523 3420 influxu
1555 3337 1600 3419 in
1634 3335 1830 3442 populos
1863 3335 1959 3418 tum

315 3459 477 3545 fideles
512 3482 617 3548 cunt
649 3461 877 3564 infideleS,
912 3461 969 3542 de
1003 3459 1339 3564 scientiarum,
1375 3460 1664 3564 litterarum,
1700 3461 1958 3568 artiumque

313 3588 438 3670 cultu
464 3591 510 3672 et
533 3585 761 3691 profectu.
798 3588 924 3691 Cum,
960 3583 1116 3688 igitur,
1151 3589 1308 3668 noster
1340 3586 1462 3668 Ordo
1484 3586 1790 3692 gravissimos
1812 3584 1957 3670 histo-

313 3710 437 3795 ricos
471 3711 651 3796 dederit
699 3709 1015 3817 compluribus
1052 3707 1354 3816 civitatibus,
1389 3711 1642 3820 provinciis
1676 3719 1720 3795 et
1754 3710 1952 3817 regniS,

312 3841 577 3921 nostrorum
626 3837 948 3942 religiosorum
983 3856 1114 3918 nemo
1163 3835 1404 3922 historiam
1438 3837 1714 3945 conscripsit
1747 3837 1955 3942 ejusdem

312 3961 515 4064 ordinm,
544 3962 621 4071 qui
655 3963 772 4046 viris·
801 3961 950 4044 doctis
982 3963 1197 4046 abundat.
1577 4059 1586 4071 N

438 4085 528 4172 Sed
562 4090 618 4172 de
651 4089 942 4176 Bibliotheca
962 4087 1192 4175 historica
1215 4086 1401 4173 maximi
1424 4089 1641 4174 momenti
1664 4088 1955 4175 animadver-

311 4210 487 4300 sionem
520 4213 622 4300 heic
657 4215 861 4300 inserere
894 4213 1044 4298 adhuc
1078 4216 1289 4320 oportet:

436 4339 654 4427 Ordinem
687 4343 897 4426 nostrum
929 4340 1004 4422 vel
1036 4339 1258 4448 quosdam
1292 4339 1497 4446 eiusdem
1516 4344 1729 4427 alumnos
1751 4341 1948 4454 injuriiS,

312 4461 508 4576 facetiis,
544 4465 925 4553 dicacitatibusve
957 4463 1201 4550 affixerunt
1233 4465 1419 4574 quidam
1452 4468 1581 4576 impii
1608 4471 1682 4554 vel
1707 4469 1859 4554 minus
1875 4494 1954 4554 ve·

311 4591 453 4675 ridioi·
480 4593 750 4700 scriptores.

436 4715 513 4824 ht,
550 4719 669 4804 sicut
704 4722 774 4805 sol
808 4738 898 4800 non
931 4717 1205 4805 obscuratur
1239 4718 1418 4803 etiamsi
1441 4718 1634 4806 maculis
1657 4741 1748 4804 non
1770 4727 1942 4828 careat,-

311 4841 374 4924 ita
420 4844 467 4924 et
499 4842 684 4929 Ordinis
719 4841 865 4930 nostri
899 4843 1084 4949 gloria,
1120 4865 1256 4950 quam
1289 4866 1446 4930 coram
1479 4849 1571 4930 Deo
1604 4850 1648 4931 et
1680 4847 1944 4940 hominibus

310 4966 655 5074 acquisiverunt
688 4969 1013 5080 quamplurimi
1057 4971 1240 5057 sodales
1272 4969 1497 5078 portentis
1530 4971 1741 5057 laborum
1776 4977 1820 5056 et
1853 4975 1949 5058 vir-

310 5097 475 5198 tutum,
511 5095 736 5178 malorum
769 5095 1013 5203 sodalium,
1049 5095 1127 5204 qui
1161 5097 1427 5203 paucissimi
1460 5101 1582 5206 sunt,
1607 5098 1830 5184 memoria
1855 5123 1946 5186 non

223 5256 226 5262 2
310 5215 601 5304 obscuratur.
1637 5225 1640 5232 '

434 5347 499 5428 De
532 5343 737 5452 utrisque
778 5345 1005 5430 silendum
1038 5346 1361 5453 judicaverunt
1393 5350 1641 5458 Dionysius
1676 5352 1721 5433 et
1753 5355 1948 5434 Bernar-

309 5467 413 5576 dus,
450 5468 760 5576 bibliographi
794 5473 973 5576 nostri;
1010 5472 1328 5582 silendumque
1360 5474 1510 5558 adhuc
1532 5477 1947 5564 autumantomnes

311 5592 378 5680 illi
409 5594 524 5704 qni,
561 5595 754 5682 alterius
786 5597 968 5700 generis
1002 5597 1236 5684 laboribus
1274 5599 1496 5710 absorpti,
1533 5601 1747 5706 ignorare
1792 5601 1951 5685 viden·
