4978 7322
1869 828 1895 895 V

241 1047 244 1052 .
353 970 687 1080 persequenda.
727 969 811 1068 Qui
838 1031 848 1074 ,
873 956 1163 1076 ¹magnopere
1196 971 1404 1076 gavisus,
1440 974 1537 1057 suis
1571 971 1734 1056 litteris
1767 969 1887 1054 datis
1921 969 1993 1052 die

359 1099 413 1180 28
451 1095 657 1181 octobris
686 1098 818 1201 1883,
845 1096 1059 1202 precibus
1094 1097 1265 1180 nostris
1299 1097 1459 1181 annuit
1493 1099 1565 1183 his
1598 1096 1770 1182 verbis:

489 1245 511 1310 (r
548 1223 667 1304 Sono
713 1219 1070 1328 persuasissimo
1104 1222 1190 1309 che
1223 1223 1254 1320 il
1289 1245 1372 1307 suo
1421 1224 1611 1330 lavoro,
1647 1221 1850 1305 oltreche
1882 1224 1995 1305 avra

358 1371 418 1432 un
452 1347 588 1454 pieno
624 1367 863 1450 successo,
901 1347 1096 1432 riuscira
1131 1347 1176 1430 di
1210 1349 1351 1434 molto
1385 1349 1626 1456 splendore
1658 1370 1740 1453 per
1773 1347 1805 1430 il
1838 1351 1994 1430 nostro

356 1473 538 1556 Ordine.
576 1476 639 1558 Le
672 1473 818 1577 glorie
853 1478 1041 1580 nostre,
1078 1495 1160 1581 per
1196 1477 1240 1557 la
1274 1474 1482 1582 maggior
1515 1479 1681 1580 parte,
1716 1495 1741 1554 e
1775 1495 1855 1579 per
1889 1473 1993 1554 111-

356 1598 484 1681 milta
536 1596 608 1682 del
641 1599 799 1683 nostro
849 1598 1066 1706 lstituto,
1103 1621 1217 1683 sono
1265 1600 1454 1685 rimaste
1488 1603 1666 1702 celate3
1703 1620 1776 1682 ma
1808 1597 1821 1679 i
1855 1598 1994 1705 tempi

356 1723 507 1806 hanno
555 1725 708 1809 subito
741 1723 952 1829 protendi
988 1724 1333 1831 cangiamenti:
1370 1749 1394 1809 e
1437 1725 1627 1828 bisogna
1661 1721 1912 1807 difendersi
1943 1722 1996 1805 il-

362 1847 664 1934 luminandoli
699 1871 724 1930 e
757 1846 1069 1934 riamicandoli
1103 1874 1131 1932 a
1165 1849 1255 1931 noi.
1294 1855 1332 1933 A
1366 1852 1569 1934 ottenere
1603 1850 1634 1934 il
1667 1851 1801 1956 quale
1823 1847 1992 1954 elicito,

361 1995 499 2058 senza
532 1974 699 2057 dubbio
749 1972 932 2058 influira
967 1976 1009 2059 di
1044 1976 1186 2060 molto
1220 1975 1265 2055 la
1297 1974 1645 2080 pubblicazione
1680 1974 1799 2057 della
1831 1973 1996 2094 Biblio-

359 2098 542 2203 gralia,
579 2101 706 2182 tanto
741 2098 818 2204 piri
869 2122 952 2206 per
986 2099 1017 2182 il
1052 2104 1186 2184 modo
1219 2099 1381 2204 saggio
1416 2121 1440 2216 e
1473 2099 1632 2186 critico
1665 2121 1752 2182 con
1784 2097 1858 2184 cui
1891 2119 1997 2204 pro-

356 2227 498 2308 mette
532 2226 761 2308 trattarla.
799 2228 845 2308 lo
879 2224 1031 2328 gliene
1065 2225 1109 2305 io
1143 2224 1156 2306 i
1191 2224 1295 2308 miei
1318 2226 1663 2330 rallegramenti
1688 2226 1701 2308 i
1726 2224 1805 2330 pio
1827 2221 1993 2307 sinceri

357 2370 382 2428 e
416 2349 627 2454 cordiali,
665 2374 689 2434 e
724 2351 769 2432 la
802 2350 893 2433 mia
929 2348 1240 2453 benedizione,
1266 2349 1351 2432 ohe
1374 2350 1529 2454 voglio
1553 2351 1624 2434 sia
1645 2346 1994 2458 specialissima,

358 2474 402 2556 la
458 2473 698 2579 incoraggi
748 2497 775 2557 a
807 2474 1075 2580 proseguire
1108 2495 1193 2560 con
1228 2497 1343 2578 gran
1378 2477 1481 2557 lena
1516 2476 1528 2558 1
1563 2478 1663 2561 suoi
1690 2474 1876 2576 studii,
1912 2494 1997 2554 ea

357 2597 537 2706 compir
570 2599 745 2706 l'opera
778 2601 864 2685 che
899 2599 958 2682 ha
992 2598 1266 2704 intrapresa.
1294 2601 1574 2705 solamente,
1599 2599 1877 2687 desideraret
1912 2599 1996 2682 che

358 2727 401 2808 la
434 2724 731 2829 Bibliogralia
765 2747 855 2808 non
889 2723 1172 2828 comperisse
1206 2725 1252 2806 in
1287 2731 1416 2808 veste
1450 2727 1676 2833 francese,
1704 2749 1777 2809 ma
1801 2725 1845 2808 in
1869 2726 1996 2809 veste

360 2849 515 2950 latina,
551 2849 783 2956 seguendo
817 2852 860 2932 la
893 2848 1146 2933 traditione
1181 2849 1249 2933 de’
1285 2851 1430 2934 nostri
1466 2853 1638 2937 antichi
1663 2851 1996 2955 Bibliograli,e

360 2976 595 3059 reddendo
642 2975 718 3081 piu
751 2975 887 3059 facile
923 2978 966 3058 la
994 2974 1240 3092 ,diffusione
1292 2975 1336 3056 di
1370 2999 1477 3060 essa
1510 2963 1652 3084 opera
1692 2997 1775 3082 per
1807 2978 1920 3058 tutte
1956 2975 1996 3056 lc

357 3101 595 3206 provincie
629 3100 921 3206 dell’Ordine,
959 3100 1048 3183 alle
1081 3105 1205 3207 quali
1240 3100 1271 3182 il
1306 3101 1448 3185 latino
1481 3105 1505 3186 e
1539 3104 1616 3209 piri
1649 3105 1757 3186 noto
1790 3099 1875 3185 che
1908 3121 1996 3184 non

358 3225 389 3305 il
423 3226 633 3311 francese
677 3252 720 3309 11.

483 3355 655 3458 ltaque,
690 3352 763 3434 his
784 3350 1089 3436 hortamentis
1111 3356 1363 3440 alacriores
1381 3353 1509 3458 lacti,
1534 3375 1618 3438 nos
1639 3351 1768 3460 operi
1792 3349 2000 3436 adcinxi-

357 3497 487 3580 muS,
523 3482 584 3584 et,
622 3479 736 3564 duos
769 3498 855 3582 per
886 3498 1032 3562 anuos
1066 3497 1169 3562 cum
1203 3475 1499 3588 pertinaciter
1532 3477 1995 3579 adlaboraverimus,

358 3604 416 3684 ad
451 3601 565 3685 haec
598 3604 926 3709 pervenimus:

491 3733 554 3827 1⁰,
592 3727 755 3833 Majori
788 3725 1025 3833 diligentia
1053 3731 1097 3810 et
1121 3727 1358 3833 fidelitate,
1385 3725 1635 3811 recentium
1661 3725 2001 3834 bibliographo-
2128 3721 2130 3725 ’

361 3871 462 3931 rum
495 3851 691 3956 vestigia
723 3852 940 3960 ingressi,
976 3852 1164 3939 circiter
1197 3853 1432 3938 dimidiam
1464 3853 1642 3962 partem
1677 3852 2001 3937 renovavimus

361 3972 764 4083 documentorum,
801 3999 918 4086 quae
953 3979 1008 4062 de
1042 3981 1213 4064 nostris
1235 3978 1548 4086 Scriptoribus
1582 3979 1690 4063 olim
1724 3979 2001 4083 evulgarunt

361 4103 622 4187 Bernardus
656 4128 683 4188 a
714 4103 917 4188 Bononia
951 4108 996 4190 et
1029 4106 1397 4190 loannes-Maria
1445 4124 1473 4188 a
1521 4103 1811 4210 Ratisbona,
1847 4125 2002 4191 sacer-

362 4225 494 4308 dotes
517 4226 701 4311 Ordinis
735 4231 880 4313 nostri
913 4229 996 4336 (1).
1575 4223 1576 4226 ¹

491 4353 556 4456 2⁰,
594 4353 832 4442 Tredecim
865 4359 1121 4460 auctorum,
1157 4374 1273 4460 quas
1305 4356 1393 4462 ipsi
1427 4356 1818 4464 conscripserunt,
1845 4356 2002 4442 centu·

361 4474 444 4558 riis
477 4480 655 4582 septem
678 4474 811 4582 aliae,
839 4481 1018 4589 saltem,
1046 4502 1102 4566 ex
1126 4479 1355 4566 oblivione
1389 4481 1741 4568 vindicavimus.

486 4602 602 4684 Hinc
635 4603 826 4709 quilibet
868 4606 1011 4690 lector
1046 4605 1295 4711 legitimam
1330 4607 1620 4710 1111111111ὺί
1655 4605 1838 4693 inducet
1885 4605 2001 4688 alios
2139 4586 2140 4590 Ὺ

362 4723 486 4808 mille
508 4726 830 4835 inveniendos
867 4731 1053 4815 eaedem
1086 4729 1125 4816 si
1160 4731 1481 4838 inquisitiones
1515 4731 1625 4818 alibi
1646 4732 1773 4816 fiant.
1810 4733 1878 4815 Ex
1911 4753 2000 4838 quo

442 5080 482 5158 (1)
504 5081 693 5146 bibliotheca
714 5081 906 5162 Scriptorum
927 5081 1051 5147 Ordinis
1071 5083 1221 5148 itinerum
1244 5085 1276 5148 S.
1299 5085 1451 5150 Francisci
1483 5083 1726 5164 capuccinorum
1754 5089 2000 5152 1010110101-

361 5169 446 5225 tensa
479 5161 551 5224 nl).
575 5162 731 5225 Bernardo
752 5180 770 5225 a
792 5163 953 5234 Bononia,
985 5163 1104 5227 ibidem
1134 5163 1203 5229 Suc.
1226 5165 1413 5246 rneologiao
1448 5167 1565 5229 lectore
1586 5163 1787 5244 capuccino:
1810 5184 1891 5247 quae
1912 5167 1999 5246 prius

360 5243 461 5304 luerat
480 5259 498 5303 1
521 5241 553 5304 P.
576 5242 720 5322 Dionysio
742 5242 910 5322 (lennensi,
931 5241 1071 5322 ejusdem
1094 5243 1219 5309 Ordinis
1239 5245 1468 5326 concionatore,
1490 5250 1643 5310 contexta.
1671 5247 1818 5324 10101111,
1838 5250 1929 5328 apoc
1950 5248 2001 5312 Sc·

360 5321 541 5385 boetianum
564 5321 672 5394 Coteti,
696 5325 784 5398 1111,
806 5323 899 5400 tra-6⁰,
921 5323 1046 5388 lix-322
1067 5327 1197 5406 paginae
1218 5331 1408 5390 numeratae.

440 5399 604 5482 cntelogus
625 5402 808 5480 scriptorum
831 5402 955 5468 Ordinis
975 5403 1124 5467 llinorum
1146 5405 1178 5468 S.
1201 5406 1353 5484 Francisci
1376 5405 1621 5486 capuccinorum
1642 5405 1682 5468 111
1704 5424 1785 5470 anno
1808 5409 1883 5472 llll
1901 5423 2000 5486 usque

358 5480 397 5544 ad
419 5498 533 5545 annum
569 5483 671 5560 1852,
692 5484 755 5546 sivo
775 5483 937 5563 Appendix
958 5483 998 5548 ad
1019 5485 1238 5550 Bibliothecae]
1274 5487 1465 5565 Scriptorum
1488 5485 1732 5563 capuccinorum
1754 5506 1773 5551 n
1794 5488 1823 5550 P.
1839 5488 1996 5552 bernardo

359 5561 556 5640 Bononiensi,
572 5561 712 5640 ejusdcm
727 5563 855 5636 ordinis,
872 5563 984 5628 editam
1000 5581 1081 5628 anno
1097 5566 1172 5631 llll
1197 5569 1316 5647 (autore
1337 5568 1368 5628 P.
1386 5567 1613 5631 tonnae-llario
1628 5585 1646 5630 n
1661 5566 1853 5648 lintisbona).
1877 5569 1995 5631 domae
2109 5621 2113 5630 .

360 5657 402 5706 eac
425 5648 491 5724 tpp.
517 5642 549 5708 c.
572 5645 606 5707 l.
630 5644 809 5723 1111101111,
833 5646 920 5719 1852,
944 5645 1037 5722 inv,
1064 5647 1103 5711 56
1125 5663 1193 5732 pag.
1216 5665 1303 5713 num.
1436 5691 1437 5694 ,
