4978 7322
686 682 729 747 60
1077 679 1503 752 apennicolis-Malam
1528 683 1558 750 A
1582 683 1778 752 NEAPOLI
1803 689 1818 752 Ι

597 822 713 892 aione,
737 819 820 884 diam
841 819 918 882 obiit
947 821 1087 884 altimum
1108 823 1127 885 2
1149 820 1298 889 februarii
1320 822 1393 886 anni

596 941 687 1016 libi,
710 939 818 1005 natulis
840 941 889 1016 78,
911 941 1075 1019 religiosae
1097 957 1168 1003 voro
1190 939 1392 1020 professionis

522 1051 525 1058 ’
600 1059 649 1122 bt.
666 1091 704 1106 ·-
717 1058 828 1122 Fusius
849 1057 889 1122 de
911 1075 948 1122 eo
964 1058 1146 1124 Emmanuel
1161 1060 1390 1141 lleapollnnus.

642 1257 674 1323 1.
701 1256 865 1324 Prcdiche
890 1256 1012 1342 Murali
1036 1278 1055 1322 e
1087 1257 1305 1344 panegiriohe
1337 1258 1391 1325 dol

595 1367 705 1432 Padre
728 1366 787 1434 Fr.
814 1365 1117 1432 Bernardo-Maria
1141 1364 1243 1432 Cioffo
1267 1367 1310 1432 da
1325 1367 1391 1433 Na·

594 1479 678 1568 poli,
705 1479 896 1565 capuccino.
915 1477 959 1544 Ia
975 1475 1119 1561 Napoli,
1149 1480 1246 1544 aella
1276 1481 1391 1544 Stam-

592 1591 701 1675 perr'a
716 1590 756 1656 aa·
772 1586 917 1656 Niccolo
938 1587 1091 1672 Valiero,
1119 1587 1217 1670 1706,
1243 1585 1342 1653 in-4⁰.

625 1799 656 1850 12
672 1811 715 1862 pp.
732 1793 788 1846 lim.
811 1811 837 1846 n.
857 1811 898 1846 n.:
917 1793 1030 1857 titulas;
1047 1793 1197 1858 monitum,
1219 1791 1391 1861 approbatio·

594 1919 662 1968 nes;
679 1905 760 1959 index
781 1919 936 1957 sermonum
954 1918 1015 1955 cum
1033 1902 1211 1968 argumentis.

622 2209 652 2259 23
669 2219 713 2271 pp.
731 2222 758 2257 n.
777 2221 814 2268 n‚:
837 2205 942 2257 Indices
963 2203 1041 2257 varii.

622 2305 842 2370 approbatores:
864 2301 1033 2368 Augustinus
1051 2318 1068 2354 a
1085 2301 1224 2362 Tissana,
1242 2313 1313 2364 gen..
1331 2301 1387 2352 Me-
1458 2342 1464 2352 .
1490 2341 1495 2351 .

590 2401 704 2464 diolani,
724 2404 753 2454 lo
775 2401 826 2451 cal.
846 2401 896 2451 leo.
918 2401 998 2460 1705;
1016 2399 1198 2464 Hieronymus
1222 2397 1385 2464 Rhegiensis

589 2510 616 2554 et
639 2500 897 2553 Bernartius-Maria
920 2500 1116 2568 Neapolitanus
1132 2500 1247 2567 junior,
1270 2509 1384 2570 uterque

589 2603 687 2670 absque
707 2601 767 2652 laco
785 2608 811 2651 et
828 2600 949 2652 consule,

632 2807 665 2871 2.
695 2805 887 2873 Relasioac
910 2807 968 2872 del
990 2825 1055 2873 sao
1079 2806 1227 2892 oiappio
1257 2807 1311 2872 ael
1328 2825 1383 2873 re·

585 2912 652 2999 pai
677 2911 773 2978 dallo
802 2909 969 2996 Georpia.

619 3139 721 3192 Dicunt
732 3139 893 3192 Emmanuel
904 3138 1110 3206 Neapolitanus,
1120 3139 1276 3192 Bernartius
1285 3155 1302 3190 a
1313 3142 1380 3195 Rau.

587 3247 614 3290 et
633 3238 719 3306 Toppi
736 3241 788 3290 hoc
805 3253 873 3306 opus
892 3238 961 3306 typis
981 3253 1077 3290 cusum
1095 3241 1199 3304 luisse;
1223 3239 1313 3307 ipsum
1335 3257 1383 3294 au-

582 3347 641 3391 tem
657 3338 891 3405 imperfectissima
908 3340 1091 3407 describunt,
1119 3343 1191 3394 unde
1220 3343 1383 3395 concluden-

589 3444 653 3494 dum
670 3444 743 3510 quod
760 3459 824 3509 prae
842 3444 930 3495 oculis
948 3458 1087 3511 nunquam
1104 3444 1174 3496 illud
1195 3447 1340 3500 habuerint
1355 3455 1383 3500 et

586 3540 781 3608 suppositicius
798 3541 835 3594 eit
852 3541 957 3594 titulus.
1205 3557 1225 3586 ο

617 3640 765 3706 Sequentia
781 3656 843 3692 vero
862 3655 953 3706 opera,
971 3641 1068 3708 lingna
1084 3643 1216 3712 Georgius
1233 3647 1382 3700 vernacula

586 3735 698 3803 scripta,
710 3743 757 3788 eut
768 3735 797 3786 in
815 3737 901 3802 ipsam
919 3739 951 3789 ab
968 3738 1031 3791 aliis
1047 3737 1150 3804 linguis
1166 3757 1253 3808 versa,
1273 3744 1305 3798 P.
1318 3747 1383 3798 Ber·

586 3833 787 3886 nardo-Mariae
799 3834 894 3886 tribuit
906 3838 1017 3889 Rocham
1028 3853 1045 3890 a
1056 3837 1181 3891 Gesinale
1195 3839 1301 3905 (Storia
1311 3844 1381 3898 delle

589 3933 715 3986 blissioui
734 3937 776 3986 de’
787 3935 975 4002 Gappnccini,
995 3944 1059 3990 tom.
1078 3941 1122 4000 111,
1139 3956 1183 4008 pp.
1201 3944 1247 3996 351
1264 3951 1291 3995 et
1307 3947 1380 4010 352);

588 4046 658 4098 quae
676 4032 730 4082 fere
748 4033 839 4086 omnia
865 4035 937 4102 typis
967 4052 1103 4104 uunquam
1123 4027 1236 4092 tradita¹
1249 4051 1333 4108 sunt,
1353 4053 1381 4098 et

587 4143 682 4178 eorum
697 4128 772 4180 tituli
796 4131 855 4197 plus
883 4130 1007 4185 minusue
1028 4137 1199 4203 suppositicii
1224 4141 1319 4192 haberi
1337 4141 1383 4194 de·

586 4231 648 4280 beat
659 4247 665 4282 ι

630 4415 663 4480 3.
687 4415 909 4484 Dizioaarr'i.

630 4624 662 4688 4.
688 4625 740 4690 La
763 4626 919 4710 aolpata.

631 4829 664 4899 5.
690 4833 832 4900 Filotea
856 4835 896 4900 ali
915 4839 951 4902 S.
970 4837 1173 4907 Fraaccsco
1196 4841 1237 4908 di
1260 4841 1375 4914 Sales.

629 5041 662 5106 6.
692 5044 908 5111 catechismo
933 5046 990 5114 dei
1012 5049 1249 5136 Bellarma'rw,

615 5264 629 5292 «
650 5247 696 5296 cui
712 5248 893 5315 Propaganda
908 5268 972 5318 pase
989 5269 1005 5304 a
1022 5260 1164 5323 stampe.»

629 5423 661 5488 7.
694 5425 851 5494 Trallala
875 5435 1025 5513 speciale
1041 5437 1136 5505 salla
1147 5421 1375 5524 processione

583 5529 675 5597 dello
700 5521 838 5616 Spiritu
866 5541 988 5606 Scato.

1494 827 1527 894 8.
1552 829 1622 895 Dal
1644 847 1684 895 re
1705 831 1883 898 Boumaa.

1480 1048 1495 1076 ι
1511 1030 1599 1082 Anido
1620 1031 1640 1082 il
1656 1033 1755 1098 popolo
1770 1032 1799 1083 di
1819 1037 1956 1097 raccanti,
1978 1049 2053 1088 come
2071 1039 2100 1090 in
2118 1047 2244 1108 generale

1448 1123 1485 1190 gli
1507 1124 1633 1187 Asiatici,
1651 1125 1695 1176 die
1713 1142 1769 1179 uua
1784 1130 1893 1183 novellu
1904 1130 2042 1186 intitulata
2059 1139 2114 1208 Dat
2132 1142 2244 1190 chaa·

1446 1246 1532 1295 man,
1553 1231 1643 1285 lanula
1662 1235 1811 1302 georgiana
1833 1237 1906 1303 degli
1933 1239 2114 1293 arvenimenti
2129 1244 2156 1294 di
2175 1247 2245 1298 Beer

1446 1347 1519 1396 man,
1540 1349 1609 1398 gran
1630 1351 1659 1387 re
1676 1337 1702 1388 di
1725 1337 1849 1396 Evanhe
1865 1339 1912 1406 qni
1929 1340 2000 1406 degli
2018 1342 2134 1395 errario
2151 1345 2241 1397 diletti

1447 1437 1610 1502 populari.»

1490 1621 1524 1690 9.
1548 1623 1582 1688 It
1604 1623 1858 1696 Resciaaiaaa

1476 1845 1490 1874 α
1507 1843 1523 1877 a
1541 1825 1579 1893 gli
1596 1827 1778 1882 arvenimenti
1797 1831 1823 1882 di
1837 1831 1999 1885 Resciauoe
2016 1836 2044 1886 di
2057 1836 2241 1902 Manisgiana,

1442 2132 1611 2188 Bibliotheca
1630 2145 1779 2192 cenventus
1795 2139 1883 2192 nostri
1902 2141 1999 2193 Turris
2016 2143 2133 2196 Octarae
2152 2161 2241 2213 usqne

1442 2236 1477 2286 ad
1488 2237 1634 2290 uelandam
1647 2240 1808 2294 recentioris
1819 2243 2020 2311 persecutionis
2031 2246 2142 2300 italicae
2154 2248 2240 2302 latre·

1441 2357 1553 2394 crurum.

1485 2531 1537 2599 10.
1567 2534 1770 2601 commenti
1802 2553 1912 2619 sopra
1947 2539 2092 2606 Plotiae
2128 2541 2173 2607 cd
2212 2543 2240 2606 il

1439 2645 1627 2712 cardinale
1648 2645 1874 2714 Bessarieac.

1469 2843 1542 2896 Dicit
1559 2845 1720 2896 Emmanuel
1739 2845 1937 2912 Neapolitanus
1949 2849 1980 2900 P.
1993 2851 2237 2904 Bernardum-llle·
2303 2842 2306 2848 ’

1438 2950 1525 3014 nam,
1541 2951 1697 3019 platonicae
1722 2951 1911 3021 philosophiae
1935 2957 2150 3024 peritissimum,
2167 2961 2236 3010 haec

1439 3054 1530 3106 adhuc
1542 3053 1683 3120 scripsisse
1700 3058 1903 3113 commentaria.

1483 3243 1537 3311 11.
1563 3240 1704 3310 Lattara
1727 3243 1782 3311 del
1806 3245 1848 3316 R.
1873 3248 1913 3316 P.
1929 3249 2157 3322 Procuratore
2175 3279 2233 3345 ge-

1436 3354 1566 3420 uenale.
1593 3352 1837 3423 «Reuerendo
1864 3359 1971 3426 Pedre
2006 3363 2064 3428 nel
2088 3364 2233 3452 signore

1436 3464 1758 3535 Osserrandissimo.
1778 3490 1796 3533 s

1468 3668 1513 3720 Sic
1530 3675 1613 3734 caput
1629 3667 1735 3736 primae
1753 3669 1843 3721 faciei.

1466 3750 1557 3802 Codex
1574 3753 1735 3804 chartaceus
1752 3753 1820 3806 MSC
1833 3754 1902 3805 ὶιμὸο
1919 3757 2021 3810 saeculi
2038 3759 2118 3823 xvll,
2130 3763 2233 3817 Biblio-

1437 3845 1530 3895 thecae
1548 3847 1699 3912 Campanae
1716 3846 2056 3915 incapaa,trecentorun1
2072 3857 2186 3914 circiter
2198 3863 2234 3914 io·

1435 3950 1535 4002 liorum
1552 3967 1607 4002 noa
1624 3963 1836 4007 numeratorum.
1855 3959 1885 4010 ln
1902 3960 1962 4027 ipso
1978 3967 2160 4035 transcriptae
2188 3975 2235 4026 ha-

1435 4053 1532 4104 bentur
1548 4057 1646 4118 magno
1671 4069 1783 4107 numero
1807 4056 1914 4113 litterae
1931 4079 2001 4130 quae
2018 4069 2054 4118 ad
2075 4071 2127 4122 PP.
2149 4075 2232 4127 Mini-

1436 4157 1522 4202 strum
1543 4151 1706 4218 generalem,
1724 4155 1934 4210 Procuratorem
1953 4165 2106 4226 generalem
2119 4205 2126 4228 .
2138 4171 2233 4224 Cardi-

1435 4251 1510 4300 nales
1527 4250 1681 4302 successive
1697 4251 1802 4305 orsliuis
1825 4261 2011 4322 protectores,
2029 4266 2188 4330 superiores
2206 4278 2232 4322 et

1434 4353 1531 4404 iratres
1549 4355 1663 4421 hujusce
1679 4356 1847 4422 provinciae,
1864 4361 1980 4414 durante
1997 4366 2167 4431 provinciali
2180 4391 2230 4428 suo

1434 4473 1554 4523 munere,
1573 4457 1652 4509 annis
1671 4461 1813 4518 loaaloao.
1832 4463 1943 4531 scripsit
1960 4469 2043 4521 Pater
2058 4473 2231 4531 Bernartius·

1434 4556 1523 4608 llleria
1539 4555 1735 4625 Neapolitanus
1753 4564 1780 4625 l,
1802 4577 1864 4614 cum
1891 4565 2019 4632 plurimis
2041 4575 2229 4638 praelatorum

1433 4663 1617 4728 praelatorum
1638 4664 1674 4715 ad
1691 4665 1827 4718 eumdem
1841 4670 1993 4736 respunsis.
2013 4676 2161 4732 Abundans
2179 4682 2231 4751 igi·

1432 4772 1478 4816 tur
1496 4764 1525 4816 in
1543 4767 1596 4819 hac
1617 4769 1686 4821 MSC
1699 4770 1773 4836 jacet
1787 4785 1851 4838 pers
1868 4775 1984 4842 hujusce
2005 4779 2166 4843 provinciae
2188 4783 2230 4836 hi-

1432 4873 1578 4925 storiarum
1594 4889 1663 4940 quae
1683 4885 1840 4944 competunt
1856 4881 1892 4933 ad
1909 4881 2011 4935 dictam
2029 4892 2145 4955 tempus.

1462 4979 1561 5047 Incipit
1577 4997 1645 5049 opus
1662 4998 1723 5035 cum
1743 4984 1861 5052 epistola
1878 4990 1910 5039 P.
1932 4993 2149 5061 Beneventuree,
2165 5015 2228 5066 pro-

1432 5081 1566 5132 curatoris
1585 5084 1731 5149 generalis,
1749 5084 1805 5137 diei
1822 5087 1854 5138 lo
1870 5089 1978 5154 augusti
1999 5093 2074 5146 1686:

1463 5201 1477 5230 α
1494 5182 1610 5242 Quando
1632 5184 1726 5236 seriari
1746 5201 1763 5238 a
1779 5185 1812 5240 V.
1831 5188 1862 5239 P.
1880 5189 1912 5241 R.
1930 5207 1979 5256 per
2002 5192 2031 5243 le
2055 5197 2226 5260 promotione

1415 5285 1487 5360 ,allo
1504 5285 1596 5338 studio
1615 5287 1642 5340 di
1655 5287 1709 5339 lira
1724 5288 1979 5344 Franeesceltaria
1995 5295 2117 5358 Perletti,
2127 5300 2154 5351 lo
2173 5302 2223 5354 leci

1430 5385 1596 5454 perservire
1621 5388 1897 5445 all'Emineatissimo
1922 5396 2043 5458 Lauria,
2065 5401 2115 5453 che
2132 5419 2174 5454 me
2191 5404 2219 5456 lo

1431 5487 1614 5538 raccomandb
1632 5503 1683 5541 con
1699 5505 1835 5558 premnt-a.
1849 5511 1864 5541 e

1461 5581 1667 5650 Subjnnguntnr
1684 5585 1715 5639 in
1734 5589 1809 5642 calce
1829 5592 1974 5660 pauciores
1998 5611 2112 5651 numere
2132 5615 2224 5654 recen
