4978 7322
838 1009 1191 1132 adtrahis
1242 1011 1724 1135 initiaverit

462 1302 582 1366 Urbani
604 1301 679 1379 Vlll,
701 1303 790 1367 Pont.
812 1304 898 1380 Nax,
920 1309 951 1366 et
969 1303 1116 1368 iudicum
1138 1311 1246 1368 contra
1267 1304 1423 1368 haeresim
1445 1305 1578 1370 decretis
1599 1306 1860 1386 obtemperantes,
1882 1309 2067 1388 protitemur

418 1382 514 1444 iactis
558 1383 734 1461 rodigiosis,
756 1384 790 1447 in
812 1383 873 1446 hoc
894 1400 988 1463 opere
1009 1383 1168 1463 expositis,
1190 1399 1270 1462 quae
1291 1399 1355 1448 non
1378 1385 1522 1464 probavit
1541 1385 1680 1448 Ecclesia
1701 1386 1869 1462 catholica,
1891 1387 1980 1450 illam
2003 1393 2068 1450 tan-

418 1469 492 1553 tuin
513 1399 608 1524 libem
630 1463 842 1554 adhibendam
864 1479 943 1538 asse,
965 1478 1059 1541 quam
1080 1463 1227 1554 conciliat
1247 1464 1315 1544 ipsa
1336 1465 1396 1526 sibi
1415 1465 1531 1528 veritas
1552 1465 1702 1529 historiae
1719 1473 1755 1529 et
1776 1465 1968 1541 traditionis,
1990 1467 2066 1530 artis

425 1548 550 1604 criticae
572 1543 689 1620 regulis
710 1543 857 1608 discussa.
880 1543 966 1604 idem
989 1543 1182 1621 profitemur,
1198 1559 1223 1604 si
1239 1559 1332 1622 quem
1353 1545 1482 1607 Beatum
1504 1545 1554 1608 vel
1577 1544 1727 1610 Sanctum
1748 1545 1943 1626 appellemus
1965 1545 2066 1626 Scrip

422 1625 531 1698 torem,
554 1622 603 1684 cui
626 1623 776 1686 coelestes
797 1623 934 1685 honores
957 1621 1099 1686 nondum
1120 1623 1181 1686 rite
1202 1623 1318 1686 decreti
1341 1629 1415 1686 sunt
1435 1624 1474 1686 ab
1495 1623 1562 1704 ipsa
1583 1625 1733 1704 Ecclesia,
1755 1625 1843 1705 cuius
1861 1625 1991 1704 jndicio,
2013 1643 2063 1690 er·

423 1701 505 1764 roris
527 1703 657 1781 experti,
679 1704 786 1766 omnia
808 1703 860 1766 hic
880 1702 995 1782 scripta
1016 1708 1048 1764 et
1069 1702 1144 1767 alilii
1166 1701 1332 1766 scribenda
1352 1703 1545 1782 subjicimus.

718 1885 1048 2006 lnnnttlitt
1091 1885 1485 2008 illiditttltttt
1523 1887 1750 2008 'vitilia

460 2157 539 2223 cum
561 2174 578 2220 o
602 2175 648 2232 us,
670 2157 721 2219 cui
743 2155 852 2218 titulus
872 2151 1066 2216 Bibliotheca
1086 2150 1235 2214 Fratrum
1256 2150 1412 2218 Minorem
1427 2153 1670 2234 capuccinorum
1690 2155 1871 2218 Provinciae
1891 2155 2064 2236 Neapolita·

422 2253 483 2298 naue
501 2238 539 2300 ab
561 2173 609 2300 ab.
631 2237 670 2298 11.-
687 2237 719 2298 P.
742 2233 924 2326 Apollinare
945 2251 962 2296 1
983 2232 1134 2307 Valentia,
1156 2231 1276 2324 ordinis
1297 2233 1327 2294 S.
1349 2233 1506 2296 Francisci
1527 2234 1750 2325 capulatorum
1772 2237 2004 2312 concinnatum,
2025 2237 2065 2302 de

424 2317 573 2380 mundato
596 2317 643 2379 ad.
665 2317 699 2378 li.
722 2315 753 2376 P.
777 2313 927 2376 Lndovici
943 2313 981 2375 de
995 2313 1228 2376 Petruinsorum
1251 2312 1390 2390 ejusdem
1413 2313 1596 2377 Provinciae
1617 2315 1830 2390 Moderatnris,
1852 2316 2020 2394 diligenter
2034 2325 2066 2380 et

424 2397 563 2459 studiose
584 2397 773 2476 perlegimus
804 2399 835 2455 et
856 2394 1112 2470 examinavimus,
1135 2393 1215 2454 nihil
1239 2392 1311 2454 fidei
1343 2393 1547 2472 moribusque
1568 2395 1740 2458 obnoxium
1762 2395 1961 2460 invenimus:
1984 2397 2065 2472 imo,

417 2481 449 2536 et
465 2475 555 2554 quod
576 2476 675 2554 mags
695 2475 806 2548 elucet,
829 2489 907 2552 opus
928 2473 1107 2536 invenimus
1130 2471 1238 2536 sedulo
1259 2473 1453 2536 elaboratum
1475 2473 1512 2536 ad
1534 2473 1634 2536 instar
1655 2475 1731 2537 artis
1751 2474 1877 2540 criticae
1899 2481 1992 2556 atuue
2014 2477 2062 2540 bi·

417 2555 627 2638 hliogralicae,
642 2554 835 2617 nostratibus
850 2551 1045 2627 honorabile,
1058 2552 1255 2632 perutileque
1270 2553 1307 2615 ad
1322 2552 1478 2630 malorum
1493 2554 1638 2618 sectanda
1649 2553 1788 2634 vestigia,
1801 2555 2064 2637 inimicorumque

416 2637 571 2698 versutias
592 2634 780 2714 expuendus.
797 2632 904 2706 Quoad
927 2649 993 2706 nos,
1010 2633 1114 2711 igitur,
1136 2631 1265 2712 dignum
1278 2633 1384 2712 praelo
1398 2633 1541 2696 mandari
1553 2633 1732 2712 judicamus
1743 2651 1822 2714 opus
1836 2637 1980 2716 superius
1994 2654 2064 2700 con·

418 2710 579 2794 scriptum,
600 2713 719 2778 auctori
741 2712 914 2792 perillustri
935 2713 1049 2790 gratias
1072 2728 1109 2774 ex
1131 2711 1223 2776 corde
1244 2720 1370 2792 agentes
1391 2727 1448 2794 pro
1470 2729 1524 2775 sua
1545 2730 1619 2858 11ἱο
1640 2720 1781 2778 nostram
1801 2715 1998 2782 Provinciam
2020 2719 2062 2779 el-

418 2795 485 2858 insa
507 2795 709 2871 benignitate,
731 2798 866 2870 votaque
888 2798 1066 2871 promentes
1088 2791 1239 2868 ardentia,
1261 2799 1296 2855 nt
1316 2792 1412 2856 totius
1434 2791 1563 2856 Ordinis
1609 2795 1810 2860 ibliothecum
1833 2797 1982 2877 perficiat.

581 2875 694 2938 Datum
715 2871 870 2949 Surrenti,
892 2871 1056 2936 1911111111
1079 2871 1166 2950 1886,
1188 2873 1221 2935 in
1243 2873 1321 2936 testo
1343 2874 1373 2938 S.
1394 2871 1532 2956 losephi.

1234 3003 1266 3069 F.
1287 3005 1520 3071 Bonnvnnruni
1542 3005 1772 3086 sennensium,
1793 3009 1942 3072 dmnitor

1274 3091 1301 3133 et
1312 3085 1493 3148 ephemeridis
1506 3087 1563 3156 Eae
1575 3087 1605 3138 di
1619 3089 1646 3136 S.
1660 3089 1820 3138 Bruneeseo
1833 3093 1922 3138 rector

502 3217 503 3220 ’
581 3203 693 3266 ilatum
714 3200 853 3282 Neapoli,
877 3201 915 3263 19
935 3200 1040 3265 martii
1063 3199 1150 3262 1886.

1096 3329 1128 3391 P.
1141 3327 1329 3392 Fsiiuiinus
1344 3326 1575 3402 Sunnnnrinus,
1585 3340 1731 3404 eii-prov.
1743 3336 1868 3386 necnon
1883 3319 2040 3380 definitor.

729 3519 974 3640 itabile
1019 3517 1153 3636 tuit.
1199 3511 1246 3634 8.
1291 3514 1337 3631 Ρ.
1382 3507 1754 3630 Ρ6611111611116

497 3789 558 3853 Nos
579 3789 628 3852 Fr.
652 3783 871 3850 LUllOVlcllS
907 3799 923 3845 a
952 3783 1209 3860 Petruinsorum‚
1232 3778 1360 3846 Ordinis
1392 3778 1548 3842 hlinorum
1568 3772 1778 3856 S.[Nranoisci
1811 3772 2058 3856 capuccinorum

419 3870 604 3934 Provinciae
625 3866 848 3946 Neapolitanae
867 3863 1010 3924 Minister
1030 3863 1062 3942 (l.
1085 3861 1128 3940 1.),
1718 3937 1724 3948 ἣ
1771 3936 1776 3948 .
1963 3935 1968 3947 .
2112 3901 2115 3905 .

397 3943 400 3950 ’
503 3950 580 4014 Cum
603 3963 701 4026 opus,
723 3945 772 4008 cui
805 3943 914 4003 titulus
942 3939 1134 4004 Bibliotheca
1160 3941 1221 4003 FP.
1244 3939 1315 4003 MM.
1340 3939 1382 4000 cv
1398 3939 1600 4017 paccinaravn
1630 3935 1811 3999 Provinciae
1841 3934 2061 4024 Neapolitanae

425 4033 587 4092 exaratum
609 4042 625 4088 a
646 4025 680 4086 it.
703 4023 735 4084 P.
756 4021 939 4101 Apollinare
960 4037 977 4082 e
997 4019 1150 4096 Valentia,
1171 4019 1353 4100 provinciae
1391 4018 1649 4079 .Bonaventurae
1669 4016 1703 4078 in
1718 4016 1828 4092 callia,
1843 4014 1906 4079 duo
1922 4015 2058 4094 theologi

427 4115 553 4172 nostrae
574 4103 772 4178 Provinciae,
794 4100 875 4164 adm.
898 4100 932 4161 ll.
953 4099 986 4161 P.
1007 4099 1184 4164 calicianus
1206 4106 1237 4161 et
1258 4098 1339 4160 adm.
1361 4095 1396 4158 R.
1418 4096 1450 4157 P.
1472 4097 1691 4158 Beneventum
1714 4113 1730 4158 a
1753 4096 1925 4172 Surrento,
1947 4095 2061 4174 quilius

422 4188 464 4251 de
485 4185 633 4252 mandato
648 4183 717 4246 limi
733 4183 767 4244 P.
784 4179 934 4244 Bernardi
947 4179 985 4242 ab
999 4179 1244 4254 Andermatt,'N.
1261 4178 1304 4252 G,
1316 4175 1540 4267 commisimus,
1555 4177 1795 4316 recognoverint
1822 4181 1914 4266 atque
1936 4174 2060 4254 publica

424 4267 496 4330 luce
518 4266 579 4327 inni
601 4263 662 4325 rite
684 4259 895 4342 probaverint,
913 4259 1134 4334 libentissime,
1155 4266 1203 4322 ter
1224 4257 1383 4338 praeclaro
1406 4262 1524 4346 auctori
1538 4261 1628 4332 gratu
1641 4261 1762 4346 atrones
1777 4260 1952 4347 gratiasque
1961 4269 2059 4332 ¹quani

422 4346 576 4410 maximas
597 4350 732 4424 agentes,
754 4340 995 4422 approbavimus
1015 4345 1047 4402 et
1068 4341 1148 4421 typis
1162 4337 1305 4404 mandari
1327 4352 1417 4417 posse
1435 4334 1622 4413 iudicamus:
1639 4350 1702 4398 imo
1714 4334 1751 4398 ad
1767 4335 1951 4398 Provinciae
1964 4332 2060 4398 decus

422 4426 516 4490 enixe
539 4423 806 4488 commendamus.
975 4461 978 4470 .
1176 4453 1179 4458 -

502 4505 550 4569 Ex
571 4502 723 4594 coenobio
744 4499 947 4594 Montistusci,
969 4498 1021 4563 die
1041 4497 1094 4562 20³
1115 4498 1227 4577 Nartii,
1249 4513 1297 4562 aii.
1321 4494 1408 4560 1886.

1488 4574 1537 4639 Fr.
1559 4573 1779 4641 LUDOlllcllS
1800 4574 1854 4658 qui
1876 4589 1978 4655 supra.

782 4763 1088 4889 ricuinus
1128 4727 1241 4886 nui
1281 4765 1331 4885 n
1373 4760 1708 4884 renunciis

459 4984 522 5047 Nos
542 4983 592 5045 Fr.
613 4977 843 5042 BBRNARBUS
865 4977 903 5040 ab
924 4977 1117 5054 Andermatt,
1138 4975 1280 5040 Minister
1301 4974 1463 5038 Generalis
1484 4972 1541 5035 Fl'.
1563 4973 1633 5036 bibl.
1656 4971 1913 5053 capuccinorum,

461 5066 586 5124 Attenta
608 5059 838 5137 Theologorum
859 5063 891 5119 et
910 5056 1046 5120 llinistri
1067 5057 1251 5120 Provinciae
1270 5053 1334 5118 Nea
1358 5055 1495 5118 olitanae
1510 5053 1717 5127 attestatione,
1733 5053 1911 5116 facultatem
1926 5053 2058 5118 facimus
2173 5105 2177 5111 .

422 5143 456 5204 A.
478 5142 513 5205 R.
534 5141 566 5202 P.
588 5137 762 5219 Apollinari
785 5155 802 5200 1
821 5137 975 5214 Valentia,
996 5143 1040 5212 ut,
1061 5136 1192 5227 servatis
1212 5071 1384 5212 servantbis,
1399 5133 1543 5225 opuscul
1558 5133 1668 5196 titulus
1695 5131 1888 5198 Bibliotheca
1908 5133 1971 5197 PF.
1985 5131 2058 5203 11111.

426 5221 468 5285 cd
510 5219 668 5282 crinorum
687 5217 869 5281 Provinciae
889 5215 1109 5296 Neapolitanae
1131 5222 1211 5296 typis
1232 5215 1383 5278 mandare
1405 5219 1502 5294 possit
1523 5219 1554 5276 et
1574 5213 1684 5278 valeat.

509 5305 667 5365 conventu
688 5303 794 5362 nostro
816 5298 875 5360 lin.»
896 5297 988 5360 Cone.
1010 5296 1111 5374 Urbis,
1132 5295 1185 5360 die
1206 5295 1244 5359 30
1264 5294 1366 5359 Nartii
1390 5293 1477 5372 1886,

1690 5415 1692 5422 ,
1733 5373 1798 5450 QUI
1818 5373 1942 5439 stirne

937 5637 998 5700 con
1014 5652 1164 5717 pervicere
1185 5631 1398 5701 dell’antoritd
1418 5631 1623 5699 ecclaeieetiva
